<?xml version="1.0" encoding="UTF-8"?><collection xmlns="http://www.loc.gov/MARC21/slim"><record><leader>00508nam--2200181-i-4500</leader><controlfield tag="001">000034577</controlfield><controlfield tag="002">20161230</controlfield><controlfield tag="005">20161230201040</controlfield><controlfield tag="008">060222s1000------------r-----000-0-eng-d</controlfield><datafield ind1=" " ind2=" " tag="040"><subfield code="a">IFIN-HH</subfield></datafield><datafield ind1=" " ind2=" " tag="080"><subfield code="a">539.163.2</subfield></datafield><datafield ind1="1" ind2=" " tag="100"><subfield code="a">Wapstra, A. H</subfield></datafield><datafield ind1="1" ind2="0" tag="245"><subfield code="a">Nuclear spectroscopy tables</subfield><subfield code="c">A.h. wapstra, g.j. nijgh, r. van lieshout</subfield></datafield><datafield ind1=" " ind2=" " tag="260"><subfield code="a">Amsterdam</subfield><subfield code="b">North-holland Publishing Company</subfield><subfield code="c">1959</subfield></datafield><datafield ind1=" " ind2=" " tag="300"><subfield code="a">VII+135P</subfield></datafield><datafield ind1="1" ind2=" " tag="700"><subfield code="a">Lieshout, R. Van</subfield></datafield><datafield ind1=" " ind2=" " tag="852"><subfield code="a">14062</subfield><subfield code="c">53.081</subfield></datafield><datafield ind1=" " ind2=" " tag="CAT"><subfield code="a">Sys</subfield><subfield code="c">20151113</subfield><subfield code="h">113420</subfield></datafield></record></collection>